<?xml version="1.0" encoding="UTF-8"?><record xmlns="http://www.loc.gov/MARC21/slim" xmlns:cinclude="http://apache.org/cocoon/include/1.0" xmlns:zs="http://www.loc.gov/zing/srw/">
  <leader>00758cz  a2200145n  4500</leader>
  <controlfield tag="001">n  82220033 </controlfield>
  <controlfield tag="003">DLC</controlfield>
  <controlfield tag="005">20050830134302.0</controlfield>
  <controlfield tag="008">830510n| acannaab           |n aaa     c</controlfield>
  <datafield tag="010" ind1=" " ind2=" ">
    <subfield code="a">n  82220033 </subfield>
  </datafield>
  <datafield tag="040" ind1=" " ind2=" ">
    <subfield code="a">InU</subfield>
    <subfield code="c">DLC</subfield>
    <subfield code="d">DLC</subfield>
  </datafield>
  <datafield tag="100" ind1="1" ind2="0">
    <subfield code="a">Cooper, Stewart Edwin,</subfield>
    <subfield code="d">1953-</subfield>
  </datafield>
  <datafield tag="670" ind1=" " ind2=" ">
    <subfield code="a">His The relation of interpersonal behavior, sex-role attitudes, and severity of dependency on outcomes of intensive treatment for alcoholism, 1981:</subfield>
    <subfield code="b">t.p. (Stewart Edwin Cooper) vita (b. 4/10/53)</subfield>
  </datafield>
  <datafield tag="670" ind1=" " ind2=" ">
    <subfield code="a">Counseling and mental health services on campus, 1998:</subfield>
    <subfield code="b">CIP t.p. (Stewart Cooper) data sheet (b. Apr. 10, 1953) galley (prof. of psychology, Valparaiso Univ.)</subfield>
  </datafield>
  <datafield tag="670" ind1=" " ind2=" ">
    <subfield code="a">Evidence-based psychotherapy practice in college mental health, c2006:</subfield>
    <subfield code="b">ECIP t.p. (Stewart E. Cooper)</subfield>
  </datafield>
</record>